<record><leader>00000cas a22000007a 4500</leader><controlfield tag="001">27102282</controlfield><controlfield tag="008">921211c19449999ncuwr ne      0   a0eng c</controlfield><datafield ind1=" " ind2=" " tag="010"><subfield code="a">sn 93007672 </subfield></datafield><datafield ind1=" " ind2=" " tag="040"><subfield code="a">ALM</subfield><subfield code="b">eng</subfield><subfield code="c">ALM</subfield><subfield code="d">NSD</subfield><subfield code="d">NVJ</subfield><subfield code="d">OCLCQ</subfield><subfield code="d">OCLCF</subfield><subfield code="d">OCLCO</subfield></datafield><datafield ind1=" " ind2=" " tag="012"><subfield code="l">1</subfield></datafield><datafield ind1="1" ind2=" " tag="022"><subfield code="a">1071-1716</subfield><subfield code="l">1071-1716</subfield><subfield code="2">1</subfield></datafield><datafield ind1="1" ind2=" " tag="029"><subfield code="a">AU@</subfield><subfield code="b">000020745266</subfield></datafield><datafield ind1=" " ind2=" " tag="032"><subfield code="a">388680</subfield><subfield code="b">USPS</subfield></datafield><datafield ind1=" " ind2=" " tag="037"><subfield code="b">News of Orange County, PO Box 580, Hillsborough, NC 27278</subfield></datafield><datafield ind1=" " ind2=" " tag="042"><subfield code="a">nsdp</subfield><subfield code="a">pcc</subfield></datafield><datafield ind1=" " ind2=" " tag="043"><subfield code="a">n-us-nc</subfield></datafield><datafield ind1=" " ind2="4" tag="222"><subfield code="a">The News of Orange County</subfield></datafield><datafield ind1="0" ind2="4" tag="245"><subfield code="a">The news of Orange County.</subfield></datafield><datafield ind1="1" ind2="7" tag="246"><subfield code="a">News</subfield><subfield code="f">Feb. 24, 1944-</subfield></datafield><datafield ind1=" " ind2=" " tag="260"><subfield code="a">Hillsboro, N.C. :</subfield><subfield code="b">J. Roy Parker,</subfield></datafield><datafield ind1=" " ind2=" " tag="300"><subfield code="a">v. :</subfield><subfield code="b">ill. ;</subfield><subfield code="c">44 cm.</subfield></datafield><datafield ind1=" " ind2=" " tag="310"><subfield code="a">Weekly</subfield></datafield><datafield ind1="0" ind2=" " tag="362"><subfield code="a">Vol. 51, no. 2 (Feb. 24, 1944)-</subfield></datafield><datafield ind1=" " ind2="0" tag="651"><subfield code="a">Orange County (N.C.)</subfield><subfield code="v">Newspapers.</subfield></datafield><datafield ind1=" " ind2="7" tag="655"><subfield code="a">Newspapers.</subfield><subfield code="2">fast</subfield><subfield code="0">(OCoLC)fst01423814</subfield></datafield><datafield ind1=" " ind2="7" tag="651"><subfield code="a">North Carolina</subfield><subfield code="z">Orange County.</subfield><subfield code="2">fast</subfield><subfield code="0">(OCoLC)fst01220945</subfield></datafield><datafield ind1=" " ind2=" " tag="752"><subfield code="a">United States</subfield><subfield code="b">North Carolina</subfield><subfield code="c">Orange County</subfield><subfield code="d">Hillsboro.</subfield></datafield><datafield ind1=" " ind2=" " tag="752"><subfield code="a">United States</subfield><subfield code="b">North Carolina</subfield><subfield code="c">Orange County</subfield><subfield code="d">Chapel Hill.</subfield></datafield><datafield ind1="0" ind2="0" tag="780"><subfield code="t">News (Chapel Hill, N.C.)</subfield><subfield code="w">(DLC)sn 91068230</subfield></datafield><datafield ind1=" " ind2=" " tag="936"><subfield code="a">100th year, no. 23 (June 9, 1993) LIC</subfield></datafield></record>